@misc{project_description,
	title = {{Groepsopdracht voor het vak Probleemoplossen en Ontwerpen}},
    author = {Bart De Decker and Danny Hughes},
	year = 2022,
    month =09
}

@misc{django_website,
    title = {{About the Django Software Foundation}},
    author = {Django},
    year = 2022,
    note = "[Online]. Last accessed on 22/10/2022. Retrieved from \url{https://www.djangoproject.com/foundation/}."

}

@misc{web_frameworks,
    title= {{Server-side web frameworks}},
    author = "{MDN Contributors}",
    year=2022,
    month=09,
    day=11,
    note="[Online]. Last accessed on 22/10/2022. Retrieved from \url{https://developer.mozilla.org/en-US/docs/Learn/Server-side/First_steps/Web_frameworks}."
}

@misc{PostgresVsMysql,
    title= {{PostgreSQL vs. MySQL: What’s the Difference?}},
    author= "{IBM}",
    year=2022,
    note="[Online]. Last accessed on 22/10/2022. Retrieved from \url{https://www.ibm.com/cloud/blog/postgresql-vs-mysql-whats-the-difference}."
}

@misc{ssl,
    title= {{What is SSL? | SSL definition}},
    author="{Cloudflare}",
    year=2022,
    note="[Online]. Last accessed on 22/10/2022. Retrieved from \url{https://www.cloudflare.com/learning/ssl/what-is-ssl/}."
}

@misc{django-rest-knox,
  author = {James1345},
  title = {\texttt{django-rest-knox}},
  year = {2013},
  month=8,
  day=22,
  note="[Online GitHub repository]. Last accessed on 23/10/2022. Retrieved from \url{https://github.com/charlespwd/project-title}",
}

@misc{django_server,
    author= "{Django Docs}",
    title = {{\texttt{django-admin} and \texttt{manage.py}}},
    year=2022,
    note="[Online]. Last accessed on 23/10/2022. Retrieved from \url{https://docs.djangoproject.com/en/4.1/ref/django-admin/}.",
}

@misc{nginx,
    author= "{Nginx}",
    title = {{About Nginx}},
    year=2022,
    note="[Online]. Last accessed on 23/10/2022. Retrieved from \url{https://nginx.org/}."
}

@misc{gunicorn,
    author= {Ofir Chakon},
    title= {{Deploy Django app with Nginx, Gunicorn, PostgreSQL \& Supervisor}},
    year=2017,
    month=8,
    day=28,
    note="[Online]. Last accessed on 23/10/2022. Retrieved from \url{https://hackernoon.com/deploy-django-app-with-nginx-gunicorn-postgresql-supervisor-9c6d556a25ac}."
}
@misc{docker-compose,
    author= {Docker},
    title = {{Key features of Docker Compose}},
    year=2022,
    note="[Online]. Last accessed on 23/10/2022. Retrieved from \url{https://docs.docker.com/compose/features-uses/}."
}


@misc{bit-cpu,
    author= "{Computer Hope}",
    title = {{What is the difference between a 32-bit and 64-bit CPU?}},
    year=2020,
    month=04,
    day=30,
    note="[Online]. Last accessed on 24/10/2022. Retrieved form \url{https://www.computerhope.com/issues/ch001498.html}."
}

@misc{easyocr, 
 title={Jaidedai/EasyOCR: Ready-to-use OCR with 80+ supported languages and all popular writing scripts including Latin, Chinese, Arabic, Devanagari, cyrillic and etc..}, 
 note="[Online GitHub Repository]. Last accessed on 26/10/2022. Retrieved form \url{https://github.com/JaidedAI/EasyOCR}", 
 author={JaidedAI}, 
 year={2022}, 
 month={Sep}
} 
 
@misc{googlevision, 
  title={{Vision AI}}, 
  note= "[Online]. Last accesed on 26/10/2022. Retrieved from \url{https://cloud.google.com/vision/}", 
  publisher={Google}, 
  author={Google}, year={2022}
}
 
@misc{anpr, 
  title={{OpenCV: Automatic License/Number Plate Recognition (ANPR) with python}}, 
  note="[Online]. Last accessed on 26/10/2022. Retrieved from \url{https://pyimagesearch.com/2020/09/21/opencv-automatic-license-number-plate-recognition-anpr-with-python/}",
  author={Rosebrock, Adrian}, 
  year={2022}, 
  month={Jul}
  } 

@misc{flutter-hot-reload,
title= {{Hot reload}},
note="[Online]. Last accessed on 27/10/2022. Retrieved from \url{https://docs.flutter.dev/development/tools/hot-reload}",
author={Flutter},
year=2022
}

@misc{rest_apis,
title= {{What is JSON?}},
note="[Online]. Last accessed on 11/11/2022. Retrieved from \url{https://restfulapi.net/introduction-to-json/}",
author={Lokesh Gupta},
year=2022
}

@misc{vehicles_in_families,
title={{Wagenbezit per huishouden}},
author={STATBEL},
note="[Online]. Last accessed on 11/11/2022. Retrieved from
\url{https://statbel.fgov.be/nl/themas/datalab/wagenbezit-huishouden#:~:text=37\%2C3\%25\%20heeft\%20\%C3\%A9\%C3\%A9n\%20wagen,koppels\%20met\%20een\%20inwonend\%20kind.}",
year={2022},
month={sep}
}

@misc{4411,
title = {{Betaal je mobiliteit met één app}},
author={4411},
note="[Online]. Last accessed on 11/11/2022. Retrieved from
\url{https://4411.io/nl-be/}",
year={2022}
}

@misc{privacy_breach,
title = {{Ethische hacker waarschuwt voor privacylek in parkeerapps als 4411}},
author={Tim Verheyden},
note="[Online]. Last accessed on 11/11/2022. Retrieved from
\url{https://www.vrt.be/vrtnws/nl/2022/09/08/parkeerpapps/}",
year={2022},
moth={sep}

}
